@inproceedings{peters2018deep,
  title={Deep Contextualized Word Representations},
  author={Peters, Matthew and Neumann, Mark and Iyyer, Mohit and Gardner, Matt and Clark, Christopher and Lee, Kenton and Zettlemoyer, Luke},
  booktitle={Proceedings of the 2018 Conference of the North American Chapter of the Association for Computational Linguistics: Human Language Technologies, Volume 1 (Long Papers)},
  volume={1},
  pages={2227--2237},
  year={2018}
}

@inproceedings{pennington2014glove,
  title={Glove: Global vectors for word representation},
  author={Pennington, Jeffrey and Socher, Richard and Manning, Christopher},
  booktitle={Proceedings of the 2014 conference on empirical methods in natural language processing (EMNLP)},
  pages={1532--1543},
  year={2014}
}


@article{mikolov2013efficient,
  title={Efficient Estimation of Word Representations in Vector Space},
  author={Mikolov, Tomas and Chen, Kai and Corrado, Greg and Dean, Jeffrey},
  journal={arXiv preprint arXiv:1301.3781},
  year={2013}
}


@inproceedings{mikolov2013distributed,
  title={Distributed representations of words and phrases and their compositionality},
  author={Mikolov, Tomas and Sutskever, Ilya and Chen, Kai and Corrado, Greg S and Dean, Jeff},
  booktitle={Advances in neural information processing systems},
  pages={3111--3119},
  year={2013}
}

@article{salton1975vector,
  title={A vector space model for automatic indexing},
  author={Salton, Gerard and Wong, Anita and Yang, Chung-Shu},
  journal={Communications of the ACM},
  volume={18},
  number={11},
  pages={613--620},
  year={1975},
  publisher={ACM}
}

@book{firth1975modes,
  title={Modes of meaning},
  author={Firth, John Rupert},
  year={1975},
  publisher={College Division of Bobbs-Merrill Company}
}

@inproceedings{nickel2017poincare,
  title={Poincar{\'e} embeddings for learning hierarchical representations},
  author={Nickel, Maximillian and Kiela, Douwe},
  booktitle={Advances in neural information processing systems},
  pages={6338--6347},
  year={2017}
}

@article{bojanowski2017enriching,
  title={Enriching Word Vectors with Subword Information},
  author={Bojanowski, Piotr and Grave, Edouard and Joulin, Armand and Mikolov, Tomas},
  journal={Transactions of the Association of Computational Linguistics},
  volume={5},
  number={1},
  pages={135--146},
  year={2017}
}


@article{DBLP:journals/corr/cs-CL-0108005,
  author    = {Joshua Goodman},
  title     = {A Bit of Progress in Language Modeling},
  journal   = {CoRR},
  volume    = {cs.CL/0108005v1},
  year      = {2001},
  url       = {http://arxiv.org/abs/cs.CL/0108005v1},
  timestamp = {Wed, 07 Jun 2017 14:40:38 +0200},
  biburl    = {https://dblp.org/rec/bib/journals/corr/cs-CL-0108005},
  bibsource = {dblp computer science bibliography, https://dblp.org}
}

@article{GOODMAN2001403,
title = "A bit of progress in language modeling",
journal = "Computer Speech \& Language",
volume = "15",
number = "4",
pages = "403-434",
year = "2001",
issn = "0885-2308",
doi = "10.1006/csla.2001.0174",
OPTurl = "http://www.sciencedirect.com/science/article/pii/S0885230801901743",
author = "Joshua T. Goodman"
}

@article{DBLP:journals/corr/cs-CL-9905001,
  author    = {Rebecca Hwa},
  title     = {Supervised Grammar Induction Using Training Data with Limited Constituent Information},
  journal   = {CoRR},
  volume    = {cs.CL/9905001},
  note = {Version 1},
  year      = {1999},
  url       = {http://arxiv.org/abs/cs.CL/9905001},
  timestamp = {Wed, 07 Jun 2017 14:41:01 +0200},
  biburl    = {https://dblp.org/rec/bib/journals/corr/cs-CL-9905001},
  bibsource = {dblp computer science bibliography, https://dblp.org}
}

@InProceedings{P99-1010,
  author =  "Hwa, Rebecca",
  title =   "Supervised Grammar Induction using Training Data with Limited Constituent Information",
  booktitle =   "Proceedings of the 37th Annual Meeting of the Association for Computational Linguistics",
  year =    "1999",
  url =     "http://www.aclweb.org/anthology/P99-1010"
}

@book{Jurafsky+Martin:2009a,
  author    = {Jurafsky, Daniel and Martin, James H.},
  title     = {Speech and Language Processing: An Introduction to Natural Language Processing, Computational Linguistics, and Speech Recognition},
  publisher = {Pearson Prentice Hall},
  year      = 2009,
  edition   = {Second}
}